<?xml version='1.0'?>
<collection xmlns='http://www.loc.gov/MARC21/slim' xmlns:xsi='http://www.w3.org/2001/XMLSchema-instance' xsi:schemaLocation='http://www.loc.gov/MARC21/slim http://www.loc.gov/standards/marcxml/schema/MARC21slim.xsd'>
<record><leader>     nam a22003491a 4500</leader><controlfield tag='005'>20010425000000.0</controlfield><controlfield tag='008'>010425s1986    cc af    b    00000 chi  </controlfield><controlfield tag='001'>990018245890106381</controlfield><datafield ind1=' ' ind2=' ' tag='035'><subfield code='a'>(MiU)001824589MIU01</subfield></datafield><datafield ind1=' ' ind2=' ' tag='010'><subfield code='a'>89106039 /ACN</subfield></datafield><datafield ind1=' ' ind2=' ' tag='035'><subfield code='a'>(RLIN)MIUO90-B321</subfield></datafield><datafield ind1=' ' ind2=' ' tag='035'><subfield code='a'>(OCoLC)ocm20251769</subfield><subfield code='0'>(uri) http://www.worldcat.org/oclc/20251769</subfield></datafield><datafield ind1=' ' ind2=' ' tag='040'><subfield code='a'>IaU</subfield><subfield code='c'>IaU</subfield><subfield code='d'>DLC</subfield><subfield code='d'>CStRLIN</subfield></datafield><datafield ind1=' ' ind2=' ' tag='043'><subfield code='a'>a-cc-kn</subfield></datafield><datafield ind1='0' ind2='0' tag='245'><subfield code='6'>880-01</subfield><subfield code='a'>Guangdong nong min yun dong zi liao xuan bian /</subfield><subfield code='c'>[Guangzhou nong min yun dong jiang xi suo jiu zhi ji nian guan bian.</subfield></datafield><datafield ind1=' ' ind2=' ' tag='250'><subfield code='6'>880-02</subfield><subfield code='a'>Di 1 ban.</subfield></datafield><datafield ind1=' ' ind2=' ' tag='260'><subfield code='6'>880-03</subfield><subfield code='a'>[Peking] :</subfield><subfield code='b'>Ren min chu ban she :</subfield><subfield code='b'>Xin hua shu dian fa xing,</subfield><subfield code='c'>1986.</subfield></datafield><datafield ind1=' ' ind2=' ' tag='300'><subfield code='a'>12, 666 p., [2] p. of plates :</subfield><subfield code='b'>ill. ;</subfield><subfield code='c'>19 cm.</subfield></datafield><datafield ind1='1' ind2=' ' tag='490'><subfield code='6'>880-04</subfield><subfield code='a'>Zhongguo xian dai ge ming shi zi liao cong kan</subfield><subfield code='0'>(uri) http://id.loc.gov/authorities/names/n42706936</subfield><subfield code='0'>(uri) http://viaf.org/viaf/sourceID/LC|n42706936</subfield></datafield><datafield ind1=' ' ind2=' ' tag='500'><subfield code='a'>Colophon title also in pinyin: Guangdong nongmin yundong ziliao xuanbian.</subfield></datafield><datafield ind1=' ' ind2=' ' tag='504'><subfield code='a'>Includes bibliographical references.</subfield></datafield><datafield ind1=' ' ind2='0' tag='650'><subfield code='a'>Peasants</subfield><subfield code='z'>China</subfield><subfield code='z'>Guangdong Sheng</subfield><subfield code='x'>Political activity.</subfield><subfield code='0'>(uri) http://id.loc.gov/authorities/subjects/sh85099061</subfield></datafield><datafield ind1='1' ind2=' ' tag='700'><subfield code='6'>880-05</subfield><subfield code='a'>Guangzhou nong min yun dong jiang xi suo jiu zhi ji nian guan.</subfield></datafield><datafield ind1='0' ind2=' ' tag='740'><subfield code='a'>Guangdong nongmin yundong ziliao xuanbian.</subfield></datafield><datafield ind1='0' ind2='0' tag='880'><subfield code='6'>245-01/</subfield><subfield code='a'>广东农民运动资料选编 /</subfield><subfield code='c'>[广州农民运动讲习所旧址纪念馆编].</subfield></datafield><datafield ind1=' ' ind2=' ' tag='880'><subfield code='6'>250-02/</subfield><subfield code='a'>第1版.</subfield></datafield><datafield ind1=' ' ind2=' ' tag='880'><subfield code='6'>260-03/</subfield><subfield code='a'>[Peking] :</subfield><subfield code='b'>人民出版社 :</subfield><subfield code='b'>新華書店发行,</subfield><subfield code='c'>1986.</subfield></datafield><datafield ind1='1' ind2=' ' tag='880'><subfield code='6'>490-04/</subfield><subfield code='a'>中国现代革命史资料丛刊</subfield></datafield><datafield ind1='1' ind2=' ' tag='880'><subfield code='6'>700-05/</subfield><subfield code='a'>广州农民运动讲习所旧址纪念馆.</subfield></datafield><datafield ind1=' ' ind2='0' tag='830'><subfield code='6'>880-06</subfield><subfield code='a'>Zhongguo xian dai ge ming shi zi liao cong kan</subfield><subfield code='0'>(uri) http://id.loc.gov/authorities/names/n42706936</subfield><subfield code='0'>(uri) http://viaf.org/viaf/sourceID/LC|n42706936</subfield></datafield><datafield ind1=' ' ind2='0' tag='880'><subfield code='6'>830-06/</subfield><subfield code='a'>中国现代革命史资料丛刊</subfield></datafield><datafield ind1=' ' ind2=' ' tag='998'><subfield code='c'>AS</subfield><subfield code='s'>9114</subfield></datafield><datafield ind1=' ' ind2=' ' tag='958'><subfield code='a'>MiU</subfield></datafield><datafield ind1=' ' ind2=' ' tag='987'><subfield code='a'>PINYIN</subfield><subfield code='b'>CStRLIN</subfield><subfield code='c'>20001206</subfield><subfield code='d'>c</subfield><subfield code='e'>1.0</subfield></datafield><datafield ind1=' ' ind2=' ' tag='959'><subfield code='a'>(notis)ULAHV1625</subfield></datafield><datafield ind1=' ' ind2=' ' tag='995'><subfield code='a'>20</subfield></datafield><datafield ind1=' ' ind2=' ' tag='BIB'><subfield code='u'>2021-07-17 17:29:51 US/Eastern</subfield><subfield code='c'>2021-06-21 16:54:14 US/Eastern</subfield><subfield code='s'>false</subfield></datafield><datafield ind1='0' ind2=' ' tag='852'><subfield code='b'>BUHR</subfield><subfield code='a'>MiU</subfield><subfield code='c'>MAIN</subfield><subfield code='h'>HD 1537 .C6 K75</subfield><subfield code='8'>22950419150006381</subfield></datafield><datafield ind1=' ' ind2=' ' tag='974'><subfield code='8'>22950419150006381</subfield><subfield code='f'>1</subfield><subfield code='c'>MAIN</subfield><subfield code='m'>BOOK</subfield><subfield code='a'>39015017103931</subfield><subfield code='i'>Buhr A 1046155</subfield><subfield code='e'>MAIN</subfield><subfield code='u'>mdp.39015017103931 ic 20200407</subfield><subfield code='7'>23950419140006381</subfield><subfield code='p'>01</subfield><subfield code='r'>1990-02-08 10:59:00</subfield><subfield code='h'>HD 1537 .C6 K75</subfield><subfield code='d'>BUHR</subfield><subfield code='b'>BUHR</subfield></datafield></record>