
<record><leader>     nam a22002291  4500</leader><controlfield tag='005'>19931209000000.0</controlfield><controlfield tag='008'>890208s1913    gw acd        00000 ger d</controlfield><controlfield tag='001'>990010357070106381</controlfield><datafield ind1=' ' ind2=' ' tag='035'><subfield code='a'>(MiU)001035707MIU01</subfield></datafield><datafield ind1=' ' ind2=' ' tag='010'><subfield code='a'>33034855</subfield></datafield><datafield ind1=' ' ind2=' ' tag='035'><subfield code='a'>(CaOTULAS)176075266</subfield></datafield><datafield ind1=' ' ind2=' ' tag='035'><subfield code='a'>(SAZTEC)137600310</subfield></datafield><datafield ind1=' ' ind2=' ' tag='035'><subfield code='a'>(OCoLC)ocm08867027</subfield><subfield code='0'>(uri) http://www.worldcat.org/oclc/08867027</subfield></datafield><datafield ind1=' ' ind2=' ' tag='040'><subfield code='c'>CarP</subfield></datafield><datafield ind1='0' ind2=' ' tag='050'><subfield code='a'>TL553.5</subfield><subfield code='b'>.N37 1913a</subfield></datafield><datafield ind1='1' ind2=' ' tag='100'><subfield code='a'>Neyen, Emil.</subfield></datafield><datafield ind1='1' ind2='4' tag='245'><subfield code='a'>Die flugkunst am scheidewege.</subfield></datafield><datafield ind1=' ' ind2=' ' tag='260'><subfield code='a'>[Berlin,</subfield><subfield code='b'>W. H. Kühl,</subfield><subfield code='c'>1913]</subfield></datafield><datafield ind1=' ' ind2=' ' tag='300'><subfield code='a'>39, [1] p.</subfield><subfield code='b'>illus. (incl. ports., charts) diagrs.</subfield><subfield code='c'>29 cm.</subfield></datafield><datafield ind1=' ' ind2='0' tag='650'><subfield code='a'>Aircraft accidents.</subfield><subfield code='0'>(uri) http://id.loc.gov/authorities/subjects/sh85001323</subfield></datafield><datafield ind1=' ' ind2='0' tag='650'><subfield code='a'>Helicopters</subfield><subfield code='0'>(uri) http://id.loc.gov/authorities/subjects/sh85060007</subfield></datafield><datafield ind1=' ' ind2=' ' tag='998'><subfield code='c'>UTL</subfield><subfield code='s'>9662</subfield></datafield><datafield ind1=' ' ind2=' ' tag='958'><subfield code='a'>MiU</subfield></datafield><datafield ind1=' ' ind2=' ' tag='959'><subfield code='a'>(notis)ULAEK6362</subfield></datafield><datafield ind1=' ' ind2=' ' tag='995'><subfield code='a'>20</subfield></datafield><datafield ind1=' ' ind2=' ' tag='BIB'><subfield code='u'>2021-07-16 07:44:31 US/Eastern</subfield><subfield code='c'>2021-06-21 16:54:14 US/Eastern</subfield><subfield code='s'>false</subfield></datafield><datafield ind1='0' ind2=' ' tag='852'><subfield code='b'>BUHR</subfield><subfield code='a'>MiU</subfield><subfield code='c'>MAIN</subfield><subfield code='h'>TL 545 .N571</subfield><subfield code='8'>22950419090006381</subfield></datafield><datafield ind1=' ' ind2=' ' tag='974'><subfield code='8'>22950419090006381</subfield><subfield code='f'>1</subfield><subfield code='c'>MAIN</subfield><subfield code='m'>BOOK</subfield><subfield code='a'>39015021107837</subfield><subfield code='i'>Buhr B 738311</subfield><subfield code='e'>MAIN</subfield><subfield code='u'>mdp.39015021107837 pdus 20200331 45</subfield><subfield code='7'>23950419080006381</subfield><subfield code='p'>02</subfield><subfield code='r'>1991-03-01 10:59:00</subfield><subfield code='h'>TL 545 .N571</subfield><subfield code='d'>BUHR</subfield><subfield code='b'>BUHR</subfield></datafield></record>