
<record><leader>     nam a22002531  4500</leader><controlfield tag='005'>19890208000000.0</controlfield><controlfield tag='008'>890208m19749999dcu          f00010 eng d</controlfield><controlfield tag='001'>990010356550106381</controlfield><datafield ind1=' ' ind2=' ' tag='035'><subfield code='a'>(MiU)001035655MIU01</subfield></datafield><datafield ind1=' ' ind2=' ' tag='010'><subfield code='a'>75600611</subfield></datafield><datafield ind1=' ' ind2=' ' tag='035'><subfield code='a'>(CaOTULAS)176075201</subfield></datafield><datafield ind1=' ' ind2=' ' tag='035'><subfield code='a'>(SAZTEC)137500560</subfield></datafield><datafield ind1=' ' ind2=' ' tag='035'><subfield code='a'>(OCoLC)ocm01274410</subfield><subfield code='0'>(uri) http://www.worldcat.org/oclc/01274410</subfield></datafield><datafield ind1=' ' ind2=' ' tag='040'><subfield code='a'>LC</subfield></datafield><datafield ind1=' ' ind2=' ' tag='043'><subfield code='a'>n-us---</subfield></datafield><datafield ind1=' ' ind2='0' tag='050'><subfield code='a'>KF2427</subfield><subfield code='b'>1974</subfield></datafield><datafield ind1=' ' ind2=' ' tag='082'><subfield code='a'>343/.73/0978</subfield></datafield><datafield ind1='1' ind2=' ' tag='110'><subfield code='a'>United States.</subfield><subfield code='b'>Civil Aeronautics Board.</subfield><subfield code='0'>(uri) http://id.loc.gov/authorities/names/n79046186</subfield><subfield code='0'>(uri) http://viaf.org/viaf/sourceID/LC|n79046186</subfield></datafield><datafield ind1='1' ind2='0' tag='245'><subfield code='a'>Legislative history of regulations /</subfield><subfield code='c'>Civil Aeronautics Board.</subfield></datafield><datafield ind1=' ' ind2=' ' tag='260'><subfield code='a'>Washington :</subfield><subfield code='b'>The Board,</subfield><subfield code='c'>1974-</subfield></datafield><datafield ind1=' ' ind2=' ' tag='300'><subfield code='a'>1 v. ;</subfield><subfield code='c'>27 cm.</subfield></datafield><datafield ind1=' ' ind2=' ' tag='500'><subfield code='a'>Looseleaf for updating.</subfield></datafield><datafield ind1=' ' ind2='0' tag='650'><subfield code='a'>Aeronautics, Commercial</subfield><subfield code='x'>Law and legislation</subfield><subfield code='z'>United States.</subfield><subfield code='0'>(uri) http://id.loc.gov/authorities/subjects/sh2007100700</subfield></datafield><datafield ind1=' ' ind2=' ' tag='998'><subfield code='c'>UTL</subfield><subfield code='s'>9662</subfield></datafield><datafield ind1=' ' ind2=' ' tag='958'><subfield code='a'>MiU</subfield></datafield><datafield ind1=' ' ind2=' ' tag='959'><subfield code='a'>(notis)ULAEK6310</subfield></datafield><datafield ind1=' ' ind2=' ' tag='995'><subfield code='a'>20</subfield></datafield><datafield ind1=' ' ind2=' ' tag='BIB'><subfield code='u'>2021-07-26 04:35:40 US/Eastern</subfield><subfield code='c'>2021-06-21 16:54:14 US/Eastern</subfield><subfield code='s'>false</subfield></datafield><datafield ind1='0' ind2=' ' tag='852'><subfield code='b'>BUHR</subfield><subfield code='a'>MiU</subfield><subfield code='c'>MAIN</subfield><subfield code='h'>TL 521 .A545 1974</subfield><subfield code='8'>22950418580006381</subfield></datafield><datafield ind1='0' ind2=' ' tag='852'><subfield code='b'>SDR</subfield><subfield code='a'>MiU</subfield><subfield code='c'>EO</subfield><subfield code='h'> TL 521 .A545 1974 </subfield><subfield code='8'>221169751960006381</subfield></datafield><datafield ind1=' ' ind2=' ' tag='974'><subfield code='8'>22950418580006381</subfield><subfield code='f'>1</subfield><subfield code='c'>MAIN</subfield><subfield code='m'>BOOK</subfield><subfield code='a'>39015023150017</subfield><subfield code='i'>Buhr C 432103</subfield><subfield code='e'>MAIN</subfield><subfield code='u'>mdp.39015023150017 pd 20190930</subfield><subfield code='7'>23950418570006381</subfield><subfield code='z'>no.302-399</subfield><subfield code='p'>02</subfield><subfield code='r'>1992-03-25 10:59:00</subfield><subfield code='h'>TL 521 .A545 1974</subfield><subfield code='d'>BUHR</subfield><subfield code='b'>BUHR</subfield></datafield><datafield ind1=' ' ind2=' ' tag='974'><subfield code='8'>221169751960006381</subfield><subfield code='f'>1</subfield><subfield code='c'>EO</subfield><subfield code='m'>BOOK</subfield><subfield code='a'>39015023150009</subfield><subfield code='e'>EO</subfield><subfield code='u'>mdp.39015023150009 pd 20171125</subfield><subfield code='7'>23950418550006381</subfield><subfield code='z'>no.200-287</subfield><subfield code='p'>02</subfield><subfield code='r'>1992-03-25 10:59:00</subfield><subfield code='h'>TL 521 .A545 1974</subfield><subfield code='d'>SDR</subfield><subfield code='b'>SDR</subfield></datafield><datafield ind1=' ' ind2=' ' tag='974'><subfield code='8'>22950418580006381</subfield><subfield code='f'>1</subfield><subfield code='c'>MAIN</subfield><subfield code='m'>BOOK</subfield><subfield code='a'>39015023150025</subfield><subfield code='i'>Buhr C 432102</subfield><subfield code='e'>MAIN</subfield><subfield code='u'>mdp.39015023150025 pd 20190930 691</subfield><subfield code='7'>23950418560006381</subfield><subfield code='z'>no.288-300</subfield><subfield code='p'>02</subfield><subfield code='r'>1992-03-25 10:59:00</subfield><subfield code='h'>TL 521 .A545 1974</subfield><subfield code='d'>BUHR</subfield><subfield code='b'>BUHR</subfield></datafield></record>