
<record><leader>     nam a22002771a 4500</leader><controlfield tag='005'>20020619000000.0</controlfield><controlfield tag='007'>he bmb020baca</controlfield><controlfield tag='008'>020619s1909    dcu     b    f000 0 eng d</controlfield><controlfield tag='001'>990036134350106381</controlfield><datafield ind1=' ' ind2=' ' tag='035'><subfield code='a'>(MiU)003613435MIU01</subfield></datafield><datafield ind1=' ' ind2=' ' tag='035'><subfield code='a'>cis19043412</subfield></datafield><datafield ind1=' ' ind2=' ' tag='035'><subfield code='a'>(OCoLC)ocm70761316</subfield><subfield code='0'>(uri) http://www.worldcat.org/oclc/70761316</subfield></datafield><datafield ind1=' ' ind2=' ' tag='040'><subfield code='a'>Congressional Information Service</subfield><subfield code='c'>Congressional Information Service</subfield></datafield><datafield ind1=' ' ind2=' ' tag='059'><subfield code='a'>NO EXPORT: ALL</subfield></datafield><datafield ind1='0' ind2=' ' tag='086'><subfield code='a'>A 26.3:56</subfield></datafield><datafield ind1=' ' ind2=' ' tag='099'><subfield code='a'>CIS US Exec MF A2603-56</subfield></datafield><datafield ind1='0' ind2='0' tag='245'><subfield code='a'>Role of oxidation in soil fertility</subfield><subfield code='h'>[microform].</subfield></datafield><datafield ind1=' ' ind2=' ' tag='260'><subfield code='a'>[Washington, D.C.] :</subfield><subfield code='b'>U.S. G.P.O.,</subfield><subfield code='c'>1909.</subfield></datafield><datafield ind1=' ' ind2=' ' tag='300'><subfield code='a'>52 p. ;</subfield><subfield code='c'>cm.</subfield></datafield><datafield ind1='0' ind2=' ' tag='490'><subfield code='a'>Soils Bur. Bull. No. 56</subfield></datafield><datafield ind1=' ' ind2=' ' tag='500'><subfield code='a'>[On effects of tillage and other soil aeration processes; with data from experiments]</subfield></datafield><datafield ind1='3' ind2=' ' tag='510'><subfield code='a'>CIS Index to U.S. Executive Branch Documents, 1789-1909 Part 4</subfield></datafield><datafield ind1=' ' ind2=' ' tag='533'><subfield code='a'>Microfiche.</subfield><subfield code='b'>[Bethesda, Md.]:</subfield><subfield code='c'>Congressional Information Service,</subfield><subfield code='d'>1993.</subfield><subfield code='e'>11 x 15 cm.</subfield><subfield code='f'>(CIS US Executive Branch Documents, 1789-1909: no. A2603-56)</subfield></datafield><datafield ind1=' ' ind2='0' tag='650'><subfield code='a'>Soils.</subfield><subfield code='0'>(uri) http://id.loc.gov/authorities/subjects/sh85124396</subfield></datafield><datafield ind1='1' ind2=' ' tag='700'><subfield code='a'>Reed, Howard S.</subfield><subfield code='q'>(Howard Sprague),</subfield><subfield code='d'>1876-1950.</subfield><subfield code='0'>(uri) http://id.loc.gov/authorities/names/no2002014629</subfield><subfield code='0'>(uri) http://viaf.org/viaf/sourceID/LC|no2002014629</subfield></datafield><datafield ind1='1' ind2=' ' tag='700'><subfield code='a'>Schreiner, Oswald,</subfield><subfield code='d'>1875-</subfield><subfield code='0'>(uri) http://id.loc.gov/authorities/names/n91005228</subfield><subfield code='0'>(uri) http://viaf.org/viaf/sourceID/LC|n91005228</subfield></datafield><datafield ind1=' ' ind2=' ' tag='958'><subfield code='a'>MiU</subfield></datafield><datafield ind1=' ' ind2=' ' tag='959'><subfield code='a'>(notis)ULATQ5775</subfield></datafield><datafield ind1=' ' ind2=' ' tag='995'><subfield code='a'>20</subfield></datafield><datafield ind1=' ' ind2=' ' tag='BIB'><subfield code='u'>2021-07-17 17:26:27 US/Eastern</subfield><subfield code='c'>2021-06-21 16:54:14 US/Eastern</subfield><subfield code='s'>false</subfield></datafield><datafield ind1='4' ind2=' ' tag='852'><subfield code='b'>HATCH</subfield><subfield code='a'>MiU</subfield><subfield code='c'>GLMR</subfield><subfield code='j'>MICRO-F Do9 no.A2603-56</subfield><subfield code='8'>22950418500006381</subfield></datafield><datafield ind1=' ' ind2=' ' tag='974'><subfield code='8'>22950418500006381</subfield><subfield code='f'>1</subfield><subfield code='c'>GLMR</subfield><subfield code='m'>BOOK</subfield><subfield code='a'>B1455518</subfield><subfield code='e'>GLMR</subfield><subfield code='7'>23950418490006381</subfield><subfield code='p'>03</subfield><subfield code='r'>2004-06-25 10:59:00</subfield><subfield code='h'>MICRO-F Do9 no.A2603-56</subfield><subfield code='d'>HATCH</subfield><subfield code='b'>HATCH</subfield></datafield></record>