
<record><leader>     nam a22002651a 4500</leader><controlfield tag='005'>20020619000000.0</controlfield><controlfield tag='007'>he bmb020baca</controlfield><controlfield tag='008'>020619s1899    dcua    b    f000 0 eng d</controlfield><controlfield tag='001'>990036136440106381</controlfield><datafield ind1=' ' ind2=' ' tag='035'><subfield code='a'>(MiU)003613644MIU01</subfield></datafield><datafield ind1=' ' ind2=' ' tag='035'><subfield code='a'>cis19043621</subfield></datafield><datafield ind1=' ' ind2=' ' tag='035'><subfield code='a'>(OCoLC)ocm70761525</subfield><subfield code='0'>(uri) http://www.worldcat.org/oclc/70761525</subfield></datafield><datafield ind1=' ' ind2=' ' tag='040'><subfield code='a'>Congressional Information Service</subfield><subfield code='c'>Congressional Information Service</subfield></datafield><datafield ind1=' ' ind2=' ' tag='059'><subfield code='a'>NO EXPORT: ALL</subfield></datafield><datafield ind1='0' ind2=' ' tag='086'><subfield code='a'>A 28.3:17</subfield></datafield><datafield ind1=' ' ind2=' ' tag='099'><subfield code='a'>CIS US Exec MF A2803-17</subfield></datafield><datafield ind1='0' ind2='0' tag='245'><subfield code='a'>Wilt disease of cotton, watermelon, and cowpea</subfield><subfield code='h'>[microform]</subfield></datafield><datafield ind1=' ' ind2=' ' tag='260'><subfield code='a'>[S.l.] :</subfield><subfield code='b'>U.S. G.P.O.,</subfield><subfield code='c'>1899.</subfield></datafield><datafield ind1=' ' ind2=' ' tag='300'><subfield code='a'>72 p. :</subfield><subfield code='b'>ill. ;</subfield><subfield code='c'>cm.</subfield></datafield><datafield ind1='0' ind2=' ' tag='490'><subfield code='a'>Vegetable Physiology and Pathology Div. Bull. No. 17</subfield></datafield><datafield ind1=' ' ind2=' ' tag='500'><subfield code='a'>[On characteristics, and disease transmission by inoculation between plant species]</subfield></datafield><datafield ind1='3' ind2=' ' tag='510'><subfield code='a'>CIS Index to U.S. Executive Branch Documents, 1789-1909 Part 4</subfield></datafield><datafield ind1=' ' ind2=' ' tag='533'><subfield code='a'>Microfiche.</subfield><subfield code='b'>[Bethesda, Md.]:</subfield><subfield code='c'>Congressional Information Service,</subfield><subfield code='d'>1993.</subfield><subfield code='e'>11 x 15 cm.</subfield><subfield code='f'>(CIS US Executive Branch Documents, 1789-1909: no. A2803-17)</subfield></datafield><datafield ind1=' ' ind2='0' tag='650'><subfield code='a'>Wilt diseases.</subfield><subfield code='0'>(uri) http://id.loc.gov/authorities/subjects/sh85146834</subfield></datafield><datafield ind1='1' ind2=' ' tag='700'><subfield code='a'>Smith, Erwin F.</subfield><subfield code='q'>(Erwin Frink),</subfield><subfield code='d'>1854-1927.</subfield><subfield code='0'>(uri) http://id.loc.gov/authorities/names/n85800990</subfield><subfield code='0'>(uri) http://viaf.org/viaf/sourceID/LC|n85800990</subfield></datafield><datafield ind1=' ' ind2=' ' tag='958'><subfield code='a'>MiU</subfield></datafield><datafield ind1=' ' ind2=' ' tag='959'><subfield code='a'>(notis)ULATQ5984</subfield></datafield><datafield ind1=' ' ind2=' ' tag='995'><subfield code='a'>20</subfield></datafield><datafield ind1=' ' ind2=' ' tag='BIB'><subfield code='u'>2021-07-16 14:58:29 US/Eastern</subfield><subfield code='c'>2021-06-21 16:54:14 US/Eastern</subfield><subfield code='s'>false</subfield></datafield><datafield ind1='4' ind2=' ' tag='852'><subfield code='b'>HATCH</subfield><subfield code='a'>MiU</subfield><subfield code='c'>GLMR</subfield><subfield code='j'>MICRO-F Do9 no.A2803-17</subfield><subfield code='8'>22950418130006381</subfield></datafield><datafield ind1=' ' ind2=' ' tag='974'><subfield code='8'>22950418130006381</subfield><subfield code='f'>1</subfield><subfield code='c'>GLMR</subfield><subfield code='m'>BOOK</subfield><subfield code='a'>B1455727</subfield><subfield code='e'>GLMR</subfield><subfield code='7'>23950418120006381</subfield><subfield code='p'>03</subfield><subfield code='r'>2004-06-25 10:59:00</subfield><subfield code='h'>MICRO-F Do9 no.A2803-17</subfield><subfield code='d'>HATCH</subfield><subfield code='b'>HATCH</subfield></datafield></record>
</collection>